@misc{bkkopendata,
	author = {Budapesti Közlekedési Központ},
	title = {Tervezett menetrendi adatbázis},
	year = {2024},
	howpublished = {\url{https://opendata.bkk.hu/data-sources}},
	note = {Letöltés dátuma: 2024.11.15.},
}

@misc{gtfsabout,
	author = {MobilityData},
	title = {GTFS evolution},
	year = {2024},
	howpublished = {\url{https://gtfs.org/about/\#gtfs-evolution}},
	note = {Letöltés dátuma: 2024.11.22.},
}

@phdthesis{rest,
	author = {Fielding, Roy Thomas},
	title = {Architectural Styles and the Design of Network-based Software Architectures},
	school = {University of California, Irvine},
	year = {2000},
}

@misc{nodegtfs,
	author = {BlinkTag Inc},
	title = {gtfs},
	year = {2012},
	howpublished = {\url{https://www.npmjs.com/package/gtfs}},
	note = {Letöltés dátuma: 2024.11.22.},
}

@misc{nodeabout,
	author = {OpenJS Foundation},
	title = {An introduction to the npm package manager},
	year = {2022},
	howpublished = {\url{https://nodejs.org/en/learn/getting-started/an-introduction-to-the-npm-package-manager}},
	note = {Letöltés dátuma: 2024.11.22.},
}

@misc{reactcomparison,
	author = {Stack Overflow},
	title = {Tag Trends - ReactJS, Vue.js, Angular, Svelte, AngularJS, VueJS 3},
	year = {2024},
	howpublished = {\url{https://trends.stackoverflow.co/?tags=reactjs\%2Cvue.js\%2Cangular\%2Csvelte\%2Cangularjs\%2Cvuejs3}},
	note = {Letöltés dátuma: 2024.11.22.},
}

@misc{kepler,
	author = {Shan He, Uber},
	title = {From Beautiful Maps to Actionable Insights: Introducing kepler.gl, Uber’s Open Source Geospatial Toolbox},
	year = {2018},
	howpublished = {\url{https://www.uber.com/en-HU/blog/keplergl/}},
	note = {Letöltés dátuma: 2024.11.22.},
}

@misc{gtfsspec,
	author = {MobilityData},
	title = {General Transit Feed Specification Reference},
	year = {2006},
  	version = {2024 Szeptember},
	howpublished = {\url{https://gtfs.org/documentation/schedule/reference/}},
	note = {Letöltés dátuma: 2024.11.22.},
}

@misc{hmr,
	author = {webpack},
	title = {Hot Module Replacement},
	year = {2016},
	howpublished = {\url{https://webpack.js.org/concepts/hot-module-replacement/}},
	note = {Letöltés dátuma: 2024.11.22.},
}

@misc{rfc7946,
    series =    {Request for Comments},
    number =    7946,
    howpublished =  {RFC 7946},
    publisher = {RFC Editor},
    doi =       {10.17487/RFC7946},
    url =       {https://www.rfc-editor.org/info/rfc7946},
    author =    {H. Butler and M. Daly and A. Doyle and Sean Gillies and T. Schaub and Stefan Hagen},
    title =     {{The GeoJSON Format}},
    pagetotal = 28,
    year =      2016,
    month =     aug,
    abstract =  {GeoJSON is a geospatial data interchange format based on JavaScript Object Notation (JSON). It defines several types of JSON objects and the manner in which they are combined to represent data about geographic features, their properties, and their spatial extents. GeoJSON uses a geographic coordinate reference system, World Geodetic System 1984, and units of decimal degrees.},
}

@misc{drizzledocs,
	
	author = {Drizzle},
	title = {Drizzle ORM - Documentation},
	year = {2024},
	howpublished = {\url{https://orm.drizzle.team/docs/rqb/}},
	note = {Letöltés dátuma: 2024.11.22.},
}

@misc{drizzlebenchmark,
	author = {Drizzle},
	title = {Drizzle ORM - Benchmarks},
	year = {2024},
	howpublished = {\url{https://orm.drizzle.team/benchmarks/}},
	note = {Letöltés dátuma: 2024.11.22.},
}

@book{russell2020artificial,
	title={Artificial Intelligence: A Modern Approach},
	author={Russell, S.J. and Russell, S. and Norvig, P.},
	edition = {4},
	isbn={9780134610993},
	lccn={2019047498},
	series={Pearson series in artificial intelligence},
	url={https://books.google.hu/books?id=koFptAEACAAJ},
	year={2020},
	publisher={Pearson Higher Education}
}

@misc{distancefrom-github,
	author = {Ricardo Pierre-Louis},
	title = {distance-from},
	year = {2019},
	howpublished = {\url{https://github.com/rickyplouis/distance-from/blob/5cc1b84f414e8355b20f0af681e1bb0bda7efe2b/lib/index.ts\#L112}},
	note = {Letöltés dátuma: 2024.11.22.},
	version = {2.0.52}
}

@misc{mui,
	author = {MUI},
	title = {Material UI --- Overview},
	year = {2022},
	howpublished = {\url{https://mui.com/material-ui/getting-started/}},
	note = {Letöltés dátuma: 2024.11.22.},
}

@techreport{wgs84,
	author = {National Geospatial-Intelligence Agency, Office of Geomatics},
	title = {Department of Defense World Geodetic System 1984, Its Definition and Relationships with Local Geodetic Systems},
	institution = {National Geospatial-Intelligence Agency (NGA)},
	year = {2014},
	month = {07},
	date = {2014-07-08},
	type = {Standardization document},
	number = {NGA.STND.0036_1.0.0},
	url = {https://earth-info.nga.mil/php/download.php?file=coord-wgs84\#.pdf},
	page = {11}
}
